<?xml version="1.0" encoding="UTF-8"?><collection xmlns="http://www.loc.gov/MARC21/slim"><record><leader>00359nam--2200121-i-4500</leader><controlfield tag="001">000033315</controlfield><controlfield tag="002">20161230</controlfield><controlfield tag="005">20161230201039</controlfield><controlfield tag="008">060222s1000------------r-----000-0-eng-d</controlfield><datafield ind1=" " ind2=" " tag="100"><subfield code="a">Monnand, Eduard</subfield></datafield><datafield ind1=" " ind2=" " tag="245"><subfield code="a">Etude des transitions gamma et des electrons auger de l`europium 153. these</subfield></datafield><datafield ind1=" " ind2=" " tag="260"><subfield code="a">Lyon, Faculte Des Sciences De L`Univ., 1960, 65p</subfield></datafield><datafield ind1=" " ind2=" " tag="852"><subfield code="a">7187</subfield></datafield></record></collection>